
% Journals

% First the Full Name is given, then the abbreviation used in the AMS Math
% Reviews, with an indication if it could not be found there.
% Note the 2nd overwrites the 1st, so swap them if you want the full name.

 %{AMS}
 @String{AMSTrans = "American Mathematical Society Translations" }
 @String{AMSTrans = "Amer. Math. Soc. Transl." }
 @String{BullAMS = "Bulletin of the American Mathematical Society" }
 @String{BullAMS = "Bull. Amer. Math. Soc." }
 @String{ProcAMS = "Proceedings of the American Mathematical Society" }
 @String{ProcAMS = "Proc. Amer. Math. Soc." }
 @String{TransAMS = "Transactions of the American Mathematical Society" }
 @String{TransAMS = "Trans. Amer. Math. Soc." }

 %ACM
 @String{CACM = "Communications of the {ACM}" }
 @String{CACM = "Commun. {ACM}" }
 @String{CompServ = "Comput. Surveys" }
 @String{JACM = "J. ACM" }
 @String{ACMMathSoft = "{ACM} Transactions on Mathematical Software" }
 @String{ACMMathSoft = "{ACM} Trans. Math. Software" }
 @String{SIGNUM = "{ACM} {SIGNUM} Newsletter" }
 @String{SIGNUM = "{ACM} {SIGNUM} Newslett." }

 @String{AmerSocio = "American Journal of Sociology" }
 @String{AmerStatAssoc = "Journal of the American Statistical Association" }
 @String{AmerStatAssoc = "J. Amer. Statist. Assoc." }
 @String{ApplMathComp = "Applied Mathematics and Computation" }
 @String{ApplMathComp = "Appl. Math. Comput." }
 @String{AmerMathMonthly = "American Mathematical Monthly" }
 @String{AmerMathMonthly = "Amer. Math. Monthly" }
 @String{BIT = "{BIT}" }
 @String{BritStatPsych = "British Journal of Mathematical and Statistical
          Psychology" }
 @String{BritStatPsych = "Brit. J. Math. Statist. Psych." }
 @String{CanMathBull = "Canadian Mathematical Bulletin" }
 @String{CanMathBull = "Canad. Math. Bull." }
 @String{CompApplMath = "Journal of Computational and Applied Mathematics" }
 @String{CompApplMath = "J. Comput. Appl. Math." }
 @String{CompPhys = "Journal of Computational Physics" }
 @String{CompPhys = "J. Comput. Phys." }
 @String{CompStruct = "Computers and Structures" }
 @String{CompStruct = "Comput. \& Structures" }
 @String{CompJour = "The Computer Journal" }
 @String{CompJour = "Comput. J." }
 @String{CompSysSci = "Journal of Computer and System Sciences" }
 @String{CompSysSci = "J. Comput. System Sci." }
 @String{Computing = "Computing" }
 @String{ContempMath = "Contemporary Mathematics" }
 @String{ContempMath = "Contemp. Math." }
 @String{Crelle = "Crelle's Journal" }
 @String{GiornaleMath = "Giornale di Mathematiche" }
 @String{GiornaleMath = "Giorn. Mat." } % didn't find in AMS MR., ibid.

 %IEEE
 @String{Computer = "{IEEE} Computer" }
 @String{IEEETransComp = "{IEEE} Transactions on Computers" }
 @String{IEEETransComp = "{IEEE} Trans. Comput." }
 @String{IEEETransAC = "{IEEE} Transactions on Automatic Control" }
 @String{IEEETransAC = "{IEEE} Trans. Automat. Control" }
 @String{IEEESpec = "{IEEE} Spectrum" } % didn't find in AMS MR
 @String{ProcIEEE = "Proceedings of the {IEEE}" }
 @String{ProcIEEE = "Proc. {IEEE}" } % didn't find in AMS MR
 @String{IEEETransAeroElec = "{IEEE} Transactions on Aerospace and Electronic
     Systems" }
 @String{IEEETransAeroElec = "{IEEE} Trans. Aerospace Electron. Systems" }

 @String{IMANumerAna = "{IMA} Journal of Numerical Analysis" }
 @String{IMANumerAna = "{IMA} J. Numer. Anal." }
 @String{InfProcLet = "Information Processing Letters" }
 @String{InfProcLet = "Inform. Process. Lett." }
 @String{InstMathApp = "Journal of the Institute of Mathematics and
     its Applications" }
 @String{InstMathApp = "J. Inst. Math. Appl." }
 @String{IntControl = "International Journal of Control" }
 @String{IntControl = "Internat. J. Control" }
 @String{IntNumerEng = "International Journal for Numerical Methods in
     Engineering" }
 @String{IntNumerEng = "Internat. J. Numer. Methods Engrg." }
 @String{IntSuper = "International Journal of Supercomputing Applications" }
 @String{IntSuper = "Internat. J. Supercomputing Applic." } % didn't find
%% in AMS MR
 @String{Kibernetika = "Kibernetika" }
 @String{JResNatBurStand = "Journal of Research of the National Bureau
     of Standards" }
 @String{JResNatBurStand = "J. Res. Nat. Bur. Standards" }
 @String{LinAlgApp = "Linear Algebra and its Applications" }
 @String{LinAlgApp = "Linear Algebra Appl." }
 @String{MathAnaAppl = "Journal of Mathematical Analysis and Applications" }
 @String{MathAnaAppl = "J. Math. Anal. Appl." }
 @String{MathAnnalen = "Mathematische Annalen" }
 @String{MathAnnalen = "Math. Ann." }
 @String{MathPhys = "Journal of Mathematical Physics" }
 @String{MathPhys = "J. Math. Phys." }
 @String{MathComp = "Mathematics of Computation" }
 @String{MathComp = "Math. Comp." }
 @String{MathScand = "Mathematica Scandinavica" }
 @String{MathScand = "Math. Scand." }
 @String{TablesAidsComp = "Mathematical Tables and Other Aids to Computation" }
 @String{TablesAidsComp = "Math. Tables Aids Comput." }
 @String{NumerMath = "Numerische Mathematik" }
 @String{NumerMath = "Numer. Math." }
 @String{PacificMath = "Pacific Journal of Mathematics" }
 @String{PacificMath = "Pacific J. Math." }
 @String{ParDistComp = "Journal of Parallel and Distributed Computing" }
 @String{ParDistComp = "J. Parallel and Distrib. Comput." } % didn't find
%% in AMS MR
 @String{ParComputing = "Parallel Computing" }
 @String{ParComputing = "Parallel Comput." }
 @String{PhilMag = "Philosophical Magazine" }
 @String{PhilMag = "Philos. Mag." }
 @String{ProcNAS = "Proceedings of the National Academy of Sciences
                    of the USA" }
 @String{ProcNAS = "Proc. Nat. Acad. Sci. U. S. A." }
 @String{Psychometrika = "Psychometrika" }
 @String{QuartMath = "Quarterly Journal of Mathematics, Oxford, Series (2)" }
 @String{QuartMath = "Quart. J. Math. Oxford Ser. (2)" }
 @String{QuartApplMath = "Quarterly of Applied Mathematics" }
 @String{QuartApplMath = "Quart. Appl. Math." }
 @String{RevueInstStat = "Review of the International Statisical Institute" }
 @String{RevueInstStat = "Rev. Inst. Internat. Statist." }

 %SIAM
 @String{JSIAM = "Journal of the Society for Industrial and Applied
     Mathematics" }
 @String{JSIAM = "J. Soc. Indust. Appl. Math." }
 @String{JSIAMB = "Journal of the Society for Industrial and Applied
     Mathematics, Series B, Numerical Analysis" }
 @String{JSIAMB = "J. Soc. Indust. Appl. Math. Ser. B Numer. Anal." }
 @String{SIAMAlgMeth = "{SIAM} Journal on Algebraic and Discrete Methods" }
 @String{SIAMAlgMeth = "{SIAM} J. Algebraic Discrete Methods" }
 @String{SIAMAppMath = "{SIAM} Journal on Applied Mathematics" }
 @String{SIAMAppMath = "{SIAM} J. Appl. Math." }
 @String{SIAMComp = "{SIAM} Journal on Computing" }
 @String{SIAMComp = "{SIAM} J. Comput." }
 @String{SIAMMatrix = "{SIAM} Journal on Matrix Analysis and Applications" }
 @String{SIAMMatrix = "{SIAM} J. Matrix Anal. Appl." }
 @String{SIAMNumAnal = "{SIAM} Journal on Numerical Analysis" }
 @String{SIAMNumAnal = "{SIAM} J. Numer. Anal." }
 @String{SIAMReview = "{SIAM} Review" }
 @String{SIAMReview = "{SIAM} Rev." }
 @String{SIAMSciStat = "{SIAM} Journal on Scientific and Statistical
     Computing" }
 @String{SIAMSciStat = "{SIAM} J. Sci. Statist. Comput." }

 @String{SoftPracExp = "Software Practice and Experience" }
 @String{SoftPracExp = "Software Prac. Experience" } % didn't find in AMS MR
 @String{StatScience = "Statistical Science" }
 @String{StatScience = "Statist. Sci." }
 @String{Techno = "Technometrics" }
 @String{USSRCompMathPhys = "{USSR} Computational Mathematics and Mathematical
     Physics" }
 @String{USSRCompMathPhys = "{U. S. S. R.} Comput. Math. and Math. Phys." }
 @String{VLSICompSys = "Journal of {VLSI} and Computer Systems" }
 @String{VLSICompSys = "J. {VLSI} Comput. Syst." }
 @String{ZAngewMathMech = "Zeitschrift fur Angewandte Mathematik und
     Mechanik" }
 @String{ZAngewMathMech = "Z. Angew. Math. Mech." }
 @String{ZAngewMathPhys = "Zeitschrift fur Angewandte Mathematik und Physik" }
 @String{ZAngewMathPhys = "Z. Angew. Math. Phys." }

% Publishers % ================================================= |

 @String{Academic = "Academic Press" }
 @String{ACMPress = "{ACM} Press" }
 @String{AdamHilger = "Adam Hilger" }
 @String{AddisonWesley = "Addison-Wesley" }
 @String{AllynBacon = "Allyn and Bacon" }
 @String{AMS = "American Mathematical Society" }
 @String{Birkhauser = "Birkh{\"a}user" }
 @String{CambridgePress = "Cambridge University Press" }
 @String{Chelsea = "Chelsea" }
 @String{ClaredonPress = "Claredon Press" }
 @String{DoverPub = "Dover Publications" }
 @String{Eyolles = "Eyolles" }
 @String{HoltRinehartWinston = "Holt, Rinehart and Winston" }
 @String{Interscience = "Interscience" }
 @String{JohnsHopkinsPress = "The Johns Hopkins University Press" }
 @String{JohnWileySons = "John Wiley and Sons" }
 @String{Macmillan = "Macmillan" }
 @String{MathWorks = "The Math Works Inc." }
 @String{McGrawHill = "McGraw-Hill" }
 @String{NatBurStd = "National Bureau of Standards" }
 @String{NorthHolland = "North-Holland" }
 @String{OxfordPress = "Oxford University Press" }  %address Oxford or London?
 @String{PergamonPress = "Pergamon Press" }
 @String{PlenumPress = "Plenum Press" }
 @String{PrenticeHall = "Prentice-Hall" }
 @String{SIAMPub = "{SIAM} Publications" }
 @String{Springer = "Springer-Verlag" }
 @String{TexasPress = "University of Texas Press" }
 @String{VanNostrand = "Van Nostrand" }
 @String{WHFreeman = "W. H. Freeman and Co." }

@inproceedings{adiwangsaExploringOpportunitiesAugmenting2024,
  author = {Adiwangsa, Michelle and Sweetser, Penny and Stevenson, Duncan and Suominen, Hanna and Xi, Mingze},
  title = {Exploring {{Opportunities}} for {{Augmenting Homes}} to {{Support Exercising}}},
  pages = {1--14},
  year = {2024},
  url = {https://dl.acm.org/doi/10.1145/3613904.3641897},
  urldate = {2025-08-08},
  booktitle = {Proceedings of the 2024 {{CHI Conference}} on {{Human Factors}} in {{Computing Systems}}},
  series = {{{CHI}} '24},
  publisher = {Association for Computing Machinery},
  location = {New York, NY, USA},
  isbn = {979-8-4007-0330-0}
}

@article{chiLearningHumanTutoring2001,
  author = {Chi, Michelene T.H. and Siler, Stephanie A. and Jeong, Heisawn and Yamauchi, Takashi and Hausmann, Robert G.},
  title = {Learning from Human Tutoring},
  journal = {Cognitive Science},
  volume = {25},
  number = {4},
  pages = {471--533},
  year = {2001},
  issn = {1551-6709},
  url = {https://onlinelibrary.wiley.com/doi/abs/10.1207/s15516709cog2504_1},
  urldate = {2025-08-11},
  langid = {english}
}

@inproceedings{elvitigalaGrandChallengesSportsHCI2024,
  author = {Elvitigala, Don Samitha and Karahanoğlu, Armağan and Matviienko, Andrii and Turmo Vidal, Laia and Postma, Dees},
  title = {Grand {{Challenges}} in {{SportsHCI}}},
  pages = {1--20},
  year = {2024},
  url = {https://dl.acm.org/doi/10.1145/3613904.3642050},
  urldate = {2025-08-08},
  booktitle = {Proceedings of the 2024 {{CHI Conference}} on {{Human Factors}} in {{Computing Systems}}},
  series = {{{CHI}} '24},
  publisher = {Association for Computing Machinery},
  location = {New York, NY, USA},
  isbn = {979-8-4007-0330-0}
}

@inproceedings{karahanogluItJustScore2024,
  author = {Karahanoğlu, Armağan and Coskun, Aykut and Postma, Dees and Scheltinga, Bouke Leonard and Gouveia, Rúben and Reidsma, Dennis and Reenalda, Jasper},
  title = {Is It Just a Score? {{Understanding Training Load Management Practices Beyond Sports Tracking}}},
  pages = {1--18},
  year = {2024},
  url = {https://dl.acm.org/doi/10.1145/3613904.3642051},
  urldate = {2025-08-08},
  shorttitle = {Is It Just a Score?},
  booktitle = {Proceedings of the 2024 {{CHI Conference}} on {{Human Factors}} in {{Computing Systems}}},
  series = {{{CHI}} '24},
  publisher = {Association for Computing Machinery},
  location = {New York, NY, USA},
  isbn = {979-8-4007-0330-0}
}

@inproceedings{luoExploringExperienceGaps2024,
  author = {Luo, Tianren and Lu, Fenglin and Lv, Jiafu and Tan, Xiaohui and Liu, Chang},
  title = {Exploring {{Experience Gaps Between Active}} and {{Passive Users During Multi-user Locomotion}} in {{VR}}},
  pages = {1--19},
  year = {2024},
  url = {https://dl.acm.org/doi/10.1145/3613904.3641975},
  urldate = {2025-08-08},
  booktitle = {Proceedings of the 2024 {{CHI Conference}} on {{Human Factors}} in {{Computing Systems}}},
  series = {{{CHI}} '24},
  publisher = {Association for Computing Machinery},
  location = {New York, NY, USA},
  isbn = {979-8-4007-0330-0}
}

@inproceedings{mitchellT2CoachQualitative2025,
  author = {Mitchell, Elliot G and Desai, Pooja and Smaldone, Arlene and Cassells, Andrea and Tobin, Jonathan N.},
  title = {T2 {{Coach}}: {{A Qualitative Study}} of an {{Automated Health Coach}} for {{Diabetes Self-Management}}},
  pages = {1--17},
  year = {2025},
  url = {https://dl.acm.org/doi/10.1145/3706598.3714404},
  urldate = {2025-08-08},
  shorttitle = {T2 {{Coach}}},
  booktitle = {Proceedings of the 2025 {{CHI Conference}} on {{Human Factors}} in {{Computing Systems}}},
  series = {{{CHI}} '25},
  publisher = {Association for Computing Machinery},
  location = {New York, NY, USA},
  isbn = {979-8-4007-1394-1}
}

@inproceedings{wanSoleMateDetectionReminder2025,
  author = {Wan, Shiyao and Zhang, Lele and Yang, Leyi and Ye, Yilin and Deng, Chao},
  title = {{{SoleMate}}: {{A Detection}} and {{Reminder App}} to {{Reduce Sedentary Behaviour At Home}}},
  pages = {1--5},
  year = {2025},
  url = {https://dl.acm.org/doi/10.1145/3706599.3720298},
  urldate = {2025-08-08},
  shorttitle = {{{SoleMate}}},
  booktitle = {Proceedings of the {{Extended Abstracts}} of the {{CHI Conference}} on {{Human Factors}} in {{Computing Systems}}},
  series = {{{CHI EA}} '25},
  publisher = {Association for Computing Machinery},
  location = {New York, NY, USA},
  isbn = {979-8-4007-1395-8}
}

@inproceedings{wengBridgingCoachingKnowledge2025,
  author = {Weng, Jian-Jia and Ku, Calvin and Wang, Jo Chien and Cheng, Chih-Jen and Lin, Tica},
  title = {Bridging {{Coaching Knowledge}} and {{AI Feedback}} to {{Enhance Motor Learning}} in {{Basketball Shooting Mechanics Through}} a {{Knowledge-Based SOP Framework}}},
  pages = {1--20},
  year = {2025},
  url = {https://dl.acm.org/doi/10.1145/3706598.3713324},
  urldate = {2025-08-08},
  booktitle = {Proceedings of the 2025 {{CHI Conference}} on {{Human Factors}} in {{Computing Systems}}},
  series = {{{CHI}} '25},
  publisher = {Association for Computing Machinery},
  location = {New York, NY, USA},
  isbn = {979-8-4007-1394-1}
}

@inproceedings{xuUnderstandingEffectReflective2024,
  author = {Xu, Kefan and Yan, Xinghui (Erica) and Ryu, Myeonghan and Newman, Mark W and Arriaga, Rosa I.},
  title = {Understanding the {{Effect}} of {{Reflective Iteration}} on {{Individuals}}’ {{Physical Activity Planning}}},
  pages = {1--17},
  year = {2024},
  url = {https://dl.acm.org/doi/10.1145/3613904.3641937},
  urldate = {2025-08-08},
  booktitle = {Proceedings of the 2024 {{CHI Conference}} on {{Human Factors}} in {{Computing Systems}}},
  series = {{{CHI}} '24},
  publisher = {Association for Computing Machinery},
  location = {New York, NY, USA},
  isbn = {979-8-4007-0330-0}
}

@inproceedings{zhangChainBuddyAIassistedAgent2025,
  author = {Zhang, Jingyue and Arawjo, Ian},
  title = {{{ChainBuddy}}: {{An AI-assisted Agent System}} for {{Generating LLM Pipelines}}},
  pages = {1--21},
  year = {2025},
  url = {https://dl.acm.org/doi/10.1145/3706598.3714085},
  urldate = {2025-08-08},
  shorttitle = {{{ChainBuddy}}},
  booktitle = {Proceedings of the 2025 {{CHI Conference}} on {{Human Factors}} in {{Computing Systems}}},
  series = {{{CHI}} '25},
  publisher = {Association for Computing Machinery},
  location = {New York, NY, USA},
  isbn = {979-8-4007-1394-1}
}

@inproceedings{zhouRescriberSmallerLLMPoweredUserLed2025,
  author = {Zhou, Jijie and Xu, Eryue and Wu, Yaoyao and Li, Tianshi},
  title = {Rescriber: {{Smaller-LLM-Powered User-Led Data Minimization}} for {{LLM-Based Chatbots}}},
  pages = {1--28},
  year = {2025},
  url = {https://dl.acm.org/doi/10.1145/3706598.3713701},
  urldate = {2025-08-08},
  shorttitle = {Rescriber},
  booktitle = {Proceedings of the 2025 {{CHI Conference}} on {{Human Factors}} in {{Computing Systems}}},
  series = {{{CHI}} '25},
  publisher = {Association for Computing Machinery},
  location = {New York, NY, USA},
  isbn = {979-8-4007-1394-1}
}

@article{heSurveyLargeLanguage2025,
  author = {He, Kai and Mao, Rui and Lin, Qika and Ruan, Yucheng and Lan, Xiang and Feng, Mengling and Cambria, Erik},
  title = {A Survey of Large Language Models for Healthcare: From Data, Technology, and Applications to Accountability and Ethics},
  journal = {Information Fusion},
  volume = {118},
  pages = {102963},
  year = {2025},
  issn = {1566-2535},
  url = {https://www.sciencedirect.com/science/article/pii/S1566253525000363},
  urldate = {2025-08-24},
  shorttitle = {A Survey of Large Language Models for Healthcare}
}

@online{connorLargeLanguageModels2023,
  author = {Connor, Mark and O'Neill, Michael},
  title = {Large {{Language Models}} in {{Sport Science}} \& {{Medicine}}: {{Opportunities}}, {{Risks}} and {{Considerations}}},
  number = {arXiv:2305.03851},
  year = {2023},
  url = {http://arxiv.org/abs/2305.03851},
  urldate = {2025-08-24},
  shorttitle = {Large {{Language Models}} in {{Sport Science}} \& {{Medicine}}},
  pubstate = {prepublished}
}

@online{openaiOpenAIO1System2024a,
  author = {OpenAI and Jaech, Aaron and Kalai, Adam and Lerer, Adam and Richardson, Adam},
  title = {{{OpenAI}} O1 {{System Card}}},
  number = {arXiv:2412.16720},
  year = {2024},
  url = {http://arxiv.org/abs/2412.16720},
  urldate = {2025-08-24},
  pubstate = {prepublished}
}

@online{deepseek-aiDeepSeekR1IncentivizingReasoning2025b,
  author = {DeepSeek-AI and Guo, Daya and Yang, Dejian and Zhang, Haowei and Song, Junxiao},
  title = {{{DeepSeek-R1}}: {{Incentivizing Reasoning Capability}} in {{LLMs}} via {{Reinforcement Learning}}},
  number = {arXiv:2501.12948},
  year = {2025},
  url = {http://arxiv.org/abs/2501.12948},
  urldate = {2025-08-24},
  shorttitle = {{{DeepSeek-R1}}},
  pubstate = {prepublished}
}

@online{chenDeepMathCreativeBenchmarkEvaluating2025,
  author = {Chen, Xiaoyang and Dai, Xinan and Du, Yu and Feng, Qian and Guo, Naixu},
  title = {{{DeepMath-Creative}}: {{A Benchmark}} for {{Evaluating Mathematical Creativity}} of {{Large Language Models}}},
  number = {arXiv:2505.08744},
  year = {2025},
  url = {http://arxiv.org/abs/2505.08744},
  urldate = {2025-08-24},
  shorttitle = {{{DeepMath-Creative}}},
  pubstate = {prepublished}
}

@online{jainLiveCodeBenchHolisticContamination2024,
  author = {Jain, Naman and Han, King and Gu, Alex and Li, Wen-Ding and Yan, Fanjia},
  title = {{{LiveCodeBench}}: {{Holistic}} and {{Contamination Free Evaluation}} of {{Large Language Models}} for {{Code}}},
  number = {arXiv:2403.07974},
  year = {2024},
  url = {http://arxiv.org/abs/2403.07974},
  urldate = {2025-08-24},
  shorttitle = {{{LiveCodeBench}}},
  pubstate = {prepublished}
}

@online{goldbachIntelligentTutoringSystems2020,
  author = {Goldbach, Ioana R. and Hamza-Lup, Felix G.},
  title = {Intelligent {{Tutoring Systems}} for {{Generation Z}}'s {{Addiction}}},
  number = {arXiv:2005.05024},
  year = {2020},
  url = {http://arxiv.org/abs/2005.05024},
  urldate = {2025-08-24},
  pubstate = {prepublished}
}

@online{kwonBIPEDPedagogicallyInformed2024,
  author = {Kwon, Soonwoo and Kim, Sojung and Park, Minju and Lee, Seunghyun and Kim, Kyuseok},
  title = {{{BIPED}}: {{Pedagogically Informed Tutoring System}} for {{ESL Education}}},
  number = {arXiv:2406.03486},
  year = {2024},
  url = {http://arxiv.org/abs/2406.03486},
  urldate = {2025-08-24},
  shorttitle = {{{BIPED}}},
  pubstate = {prepublished}
}

@online{wangLargeLanguageModels2024,
  author = {Wang, Shen and Xu, Tianlong and Li, Hang and Zhang, Chaoli and Liang, Joleen},
  title = {Large {{Language Models}} for {{Education}}: {{A Survey}} and {{Outlook}}},
  number = {arXiv:2403.18105},
  year = {2024},
  url = {http://arxiv.org/abs/2403.18105},
  urldate = {2025-08-24},
  shorttitle = {Large {{Language Models}} for {{Education}}},
  pubstate = {prepublished}
}
